<record xmlns='http://www.loc.gov/MARC21/slim'><leader>01599cas a2200373 a 4500</leader><controlfield tag='001'>3823089</controlfield><controlfield tag='005'>20170406115633.0</controlfield><controlfield tag='007'>heubmb024bbca</controlfield><controlfield tag='008'>840620c19839999ncumr pbbs   f0    0eng d</controlfield><datafield ind1=' ' ind2=' ' tag='010'><subfield code='a'>sn 87042870</subfield></datafield><datafield ind1=' ' ind2=' ' tag='035'><subfield code='a'>3823089</subfield></datafield><datafield ind1=' ' ind2=' ' tag='040'><subfield code='a'>GPO</subfield><subfield code='c'>GPO</subfield><subfield code='d'>NST</subfield><subfield code='d'>GPO</subfield><subfield code='d'>DLC</subfield><subfield code='d'>MvI</subfield></datafield><datafield ind1=' ' ind2=' ' tag='042'><subfield code='a'>lcd</subfield></datafield><datafield ind1=' ' ind2=' ' tag='043'><subfield code='a'>n-us-wa</subfield></datafield><datafield ind1=' ' ind2=' ' tag='074'><subfield code='a'>0274-E-47 (online)</subfield></datafield><datafield ind1='0' ind2=' ' tag='086'><subfield code='a'>C 55.287/50:</subfield></datafield><datafield ind1='0' ind2=' ' tag='086'><subfield code='a'>C 55.286/6-49:</subfield></datafield><datafield ind1='0' ind2='0' tag='245'><subfield code='a'>Washington monthly local climatological data</subfield><subfield code='h'>[microform].</subfield></datafield><datafield ind1=' ' ind2=' ' tag='260'><subfield code='a'>[Asheville, N.C.] :</subfield><subfield code='b'>DOC, NOAA, NESDIS, NCDC,</subfield></datafield><datafield ind1=' ' ind2=' ' tag='300'><subfield code='a'>v. ;</subfield><subfield code='c'>28 cm.</subfield></datafield><datafield ind1=' ' ind2=' ' tag='310'><subfield code='a'>Monthly</subfield></datafield><datafield ind1='1' ind2=' ' tag='362'><subfield code='a'>Began with Oct. 1983.</subfield></datafield><datafield ind1=' ' ind2=' ' tag='500'><subfield code='a'>Previously classed: C 55.287/50:</subfield></datafield><datafield ind1=' ' ind2=' ' tag='500'><subfield code='a'>Microfiche ceased.</subfield></datafield><datafield ind1=' ' ind2=' ' tag='500'><subfield code='a'>Direct requests for paper copy subscription to the publisher: U.S. Dept. of Commerce, National Climatic Data Center, Federal Bldg., Asheville, N.C. 28801-2696.</subfield></datafield><datafield ind1=' ' ind2=' ' tag='500'><subfield code='a'>Description based on: Nov. 1983; title from header.</subfield></datafield><datafield ind1=' ' ind2=' ' tag='530'><subfield code='a'>Available via Internet for individual cities.</subfield></datafield><datafield ind1=' ' ind2=' ' tag='530'><subfield code='a'>Available in paper for individual cities.</subfield></datafield><datafield ind1=' ' ind2=' ' tag='533'><subfield code='a'>Microfiche.</subfield><subfield code='m'>&lt;Nov. 1983-&gt;</subfield><subfield code='b'>[Asheville, N.C. :</subfield><subfield code='c'>National Climatic Data Center].</subfield><subfield code='e'>microfiches : negative.</subfield></datafield><datafield ind1=' ' ind2='0' tag='650'><subfield code='a'>Meteorology</subfield><subfield code='z'>Washington (State)</subfield><subfield code='v'>Statistics</subfield><subfield code='v'>Periodicals.</subfield></datafield><datafield ind1=' ' ind2='0' tag='651'><subfield code='a'>Washington (State)</subfield><subfield code='x'>Climate</subfield><subfield code='v'>Statistics</subfield><subfield code='v'>Periodicals.</subfield></datafield><datafield ind1='2' ind2=' ' tag='710'><subfield code='a'>National Climatic Data Center (U.S.)</subfield></datafield><datafield ind1='4' ind2='1' tag='856'><subfield code='z'>Online version. Click on provided links to display issues available; then click on index of city codes to view particular issues.</subfield><subfield code='u'>http://purl.access.gpo.gov/GPO/LPS1384</subfield></datafield><datafield ind1=' ' ind2=' ' tag='984'><subfield code='a'>ANL</subfield><subfield code='c'>Internet</subfield></datafield></record>